
%%inproceedings{changePoint,
%  title = {{{Hierarchical Bayesian change point models for chemical properties inference}}},
%  author = {Amanda Koepke and Felix Jimenez and Kenneth Kroenlein and Chris Muzny},
%  date = {2019},
%  eventtitle = {2019 {{Joint Statistical Meetings}}}
%}

%%inproceedings{circles,
%  title = {{{Estimating the Parameters of Circles and Ellipses Using %Orthogonal Distance Regression and Bayesian Errors-in-Variables Regression}}},
%  author = {Jolene Splett and Amanda Koepke and Felix Jimenez},
%  date = {2019},
%  eventtitle = {2019 {{Joint Statistical Meetings}}}
%}

@inproceedings{vecchBayesOpt,
  title = {{{Scalable Bayesian optimization using Vecchia approximations of Gaussian processes}}},
  author = {Felix Jimenez and Matthias Katzfuss},
  note = {In Preparation.}
}

@article {timeCrystals,
	title = {Shattered time: Can a dissipative time crystal survive many-body correlations?},
	journal = {New J.Phys.},
	volume = {20},
	year = {2018},
	month = {12},
	author = {Kristopher Tucker and Bihui Zhu and Robert J. Lewis-Swan and Jamir Marino and Felix Jimenez and Juan G. Restrepo and Ana M. Rey}
}

@article{gan, 
title = {{Generative Adversarial Network Performance in Low-Dimensional Settings}},
author = {Felix Jimenez and Amanda Koepke and Mary Gregg and Michael Frey},
journal = {{Journal of Research of National Institute of Standards and Technology}},
year = {2021}, 
volume = {126}
}

